2330 2654
1128 116 1182 162 12

1047 174 1264 191 ——-.——-

183 245 311 276 tatum
353 244 414 275 est
450 234 582 285 ποτήν
617 238 795 285 πτῆσιν·
838 235 1016 285 ἄμεινον
1055 234 1102 273 δὲ
1140 233 1269 284 χωρὶς
1304 237 1380 272 τοῦ
1414 228 1441 272 ἶν’
1474 235 1517 272 ἐν
1558 234 1729 286 δοτικῇ·
1771 235 1953 274 δύναται
1989 237 2034 275 δὲ
2064 234 2134 275 καὶ

177 314 306 350 τοῦτο
334 311 415 349 ὑπὸ
444 309 521 360 τήν
552 308 774 362 συγκοπήν·
796 307 908 347 εἶναι
935 307 1005 346 καὶ
1035 308 1116 347 ἀπὸ
1145 312 1220 347 τοῦ
1249 312 1359 346 πετῶ
1387 309 1531 361 (πέτω)
1558 312 1816 362 γεγενῆσθαι
1845 310 1899 352 αἶς
1925 310 2038 359 νέμω
2067 325 2135 348 νο-

181 384 255 435 μή,
285 385 449 435 στρέφω
480 382 655 434 στροφή,
683 383 792 422 unde
821 368 988 433 apparet
1017 384 1119 421 alios
1147 386 1253 433 ποτῇ
1280 395 1354 434 pro
1382 387 1539 433 ποτητῇ
1573 383 1617 420 id
1645 392 1706 422 est
1734 385 1888 423 volatili
1923 385 2135 435 accepisse,

183 461 285 499 alios
311 471 383 510 pro
412 458 549 497 dativo
575 457 818 495 substantivi
847 456 966 506 ποτή,
996 457 1104 507 quod
1127 458 1218 507 jure
1247 458 1520 508 praeponitur.
1561 455 1733 507 Πρόμος
1755 456 2010 512 όπρόμαχος
2029 460 2134 496 κατὰ

186 547 300 586 συγκ.
330 533 462 571 Schol.
490 533 538 571 A.
564 531 618 570 ad
645 532 693 569 Il.
721 531 810 568 VII.
841 536 903 569 75.
930 532 1020 574 EM.
1049 533 1180 582 Epim.
1208 532 1241 570 1.
1267 534 1358 578 ¹356,
1387 533 1422 568 9.
1477 530 1557 568 Sed
1585 531 1761 568 nominis
1786 531 1902 583 μα’χη
1938 533 2135 582 syllabam

186 608 397 659 capitalem
427 606 625 645 excidisse
653 612 735 644 tam
764 613 925 657 praeter
953 606 1073 644 fidem
1111 613 1172 644 est
1206 613 1249 643 ut
1281 605 1399 644 illud'
1419 605 1594 655 simplex
1628 617 1715 642 esse
1751 606 1911 645 credam
1940 621 2028 646 cum
2058 608 2138 659 πρό

187 690 226 721 et
253 681 358 733 πρίν
384 693 624 720 connexum.
677 680 804 731 Παρά
842 679 887 719 τὸ
924 679 1070 724 πιστός
1098 680 1353 723 πιστόσυνος
1387 677 1457 718 καὶ
1485 692 1602 731 συγκ.
1630 678 1815 723 πίσυνος.
1843 682 1934 720 ΕΜ.
1960 685 2050 728 639,
2077 684 2138 721 31.

186 756 296 807 quod
324 767 442 806 quam
471 765 618 804 anceps
654 755 707 791 sit
736 756 945 792 consilium
985 754 1146 792 ostendi
1180 755 1224 792 in
1254 754 1375 791 Proll.
1403 754 1490 791 231.
1520 758 1559 789 et
1586 755 1676 790 239.
1730 753 1954 804 Δυσβήρης
1989 756 2012 793 ὁ
2045 755 2139 799 δύς-

184 831 316 879 βατος
342 829 454 880 παρὰ
483 828 530 866 τὰ
560 828 830 885 δυσβατήρηρ
858 829 903 866 ἐν
934 843 1051 880 συγκ.
1079 830 1169 867 ΕΜ.
1197 832 1286 875 291,
1308 833 1370 867 43.
1409 827 1515 866 Illud
1531 827 1725 865 aeolicum
1749 841 1835 865 esse
1863 831 2039 869 creditur
2064 844 2138 882 pro

184 902 370 955 δυσήρης
397 904 422 941 i.
452 914 488 952 q.
518 899 733 951 δυσχερής,
762 902 824 939 cui
853 903 1097 940 contrarium
1137 908 1198 940 est
1232 901 1380 952 εὐήρης
1412 901 1455 940 id
1492 907 1552 938 est
1580 899 1761 951 εὐχερής.
1815 903 1942 954 Παρὰ
1975 904 2022 943 τὸ
2052 905 2141 955 ἐτή-

184 993 316 1027 τυμος
353 977 397 1015 ἐν
431 990 546 1027 συγκ.
588 976 738 1024 ἔτυμος
774 974 972 1012 Choerob.
1005 976 1049 1012 in
1087 976 1234 1013 Psalm.
1270 977 1358 1021 119,
1391 979 1455 1027 22.
1498 974 1605 1025 quod
1635 976 1751 1013 aliter
1779 989 1821 1014 se
1848 978 1993 1016 habere
2021 987 2141 1017 antea

188 1052 372 1090 disserui.
426 1049 525 1088 Cum
563 1048 775 1098 adjectivis
802 1049 986 1095 aeolicis,
1026 1062 1130 1099 quae
1164 1062 1188 1087 a
1221 1049 1412 1098 genitivis
1448 1048 1606 1085 numeri
1639 1048 1808 1098 pluralis
1833 1059 1921 1089 orta
1956 1051 2142 1090 dicuntur

191 1127 329 1165 ἄλλων
357 1123 567 1169 α’λλαὶνιος,
595 1106 753 1173 ἑτέρων
780 1122 1000 1171 ἑτεραίνιος
1028 1130 1101 1161 etc.
1157 1124 1453 1161 Grammaticus
1487 1124 1530 1161 in
1566 1124 1680 1175 Exco.
1720 1124 1849 1163 cram.
1885 1128 1929 1164 Τ.
1958 1127 2025 1164 IV.
2053 1130 2140 1165 329.

194 1200 403 1250 componit
430 1198 597 1249 ἀνέμων
620 1195 871 1246 ἀνεμώνιος,
900 1196 1085 1245 ἀλλαχοῦ
1106 1196 1358 1248 (ἀνεμώλιος
1385 1195 1476 1248 καὶ)
1498 1197 1778 1247 μεταμώνιος.
1838 1201 1968 1240 Τοῦτο
2000 1201 2141 1253 συγκέ-

188 1288 342 1313 κοπται
370 1275 440 1325 (sc.
467 1274 509 1311 ἐκ
535 1277 612 1310 τοῦ
636 1270 973 1321 μετανεμιόνιος)
997 1271 1044 1308 τὰ
1074 1270 1282 1322 πρότερον
1310 1271 1548 1321 τέτραπται.
1591 1271 1678 1316 Quo
1708 1273 1827 1310 modo
1855 1287 2031 1324 syncope
2060 1277 2142 1312 evi-

189 1350 268 1386 tari
294 1348 437 1398 possit,
466 1353 630 1397 apparet
657 1358 708 1383 ex
736 1346 856 1383 Proll.
887 1348 974 1383 135.
1012 1346 1194 1384 Eandem
1224 1347 1422 1395 significat
1446 1345 1613 1403 nominc
1643 1347 1762 1383 tacito
1790 1347 1985 1386 Arcadius
2003 1352 2062 1395 79,
2079 1353 2141 1387 24.

189 1430 239 1469 τοὶ
270 1430 326 1473 εἰς
353 1444 423 1472 τος
449 1427 643 1474 ὀξύνεται
673 1428 710 1466 εἰ
736 1427 793 1478 μή
825 1428 868 1466 ἐκ
894 1426 1102 1467 πλειόνων
1133 1429 1358 1478 συλλαβῶν
1386 1428 1444 1471 εἰς
1472 1426 1756 1478 δισυλλαβίαν
1776 1435 1961 1481 μεταστῇ
1990 1433 2043 1475 αἱς
2070 1432 2142 1471 δ’ὕ-

193 1520 284 1546 στος
313 1505 335 1542 ὁ
365 1502 570 1553 δύστηνος
597 1501 667 1541 καὶ
696 1501 849 1545 πόστος
877 1493 919 1541 ἓν
947 1507 1022 1541 τοῦ
1051 1502 1244 1545 πόσατος.
1299 1501 1512 1551 Δύστηνος
1542 1515 1628 1540 cum
1660 1502 1836 1553 ἄστηνος
1862 1507 1919 1543 ita
1948 1509 2142 1557 congruit,

192 1585 236 1615 ut
263 1563 385 1615 nemo
415 1578 570 1615 dubitet
599 1589 649 1614 ex
678 1576 820 1614 eadem
851 1577 975 1626 stirpe
1003 1584 1099 1614 nata
1128 1589 1237 1623 esse3
1275 1578 1350 1614 hoc
1378 1583 1511 1614 autem
1543 1576 1802 1614 Grammatici
1829 1580 2093 1628 probabiliter
2121 1594 2144 1619 a

193 1661 316 1698 verbo
347 1664 498 1708 στῆναι
525 1668 742 1705 arcessunt,
770 1660 882 1707 cujus
910 1660 1044 1707 prima
1073 1660 1274 1696 elementa
1302 1666 1395 1696 sunt
1418 1648 1514 1697 ἷῖοῖ.
1571 1659 1676 1695 Hinc
1710 1660 1841 1708 ἄστην
1877 1666 2142 1712 compositum

198 1742 256 1771 est
283 1735 345 1772 cui
373 1734 506 1771 simile
535 1731 695 1782 δύστην
723 1739 828 1770 certe
856 1732 1123 1782 probabiliter
1150 1733 1245 1781 fingi
1273 1739 1427 1782 potest,
1469 1731 1539 1769 sed
1573 1732 1624 1769 ad
1660 1731 1813 1776 δυ’στος
1847 1737 1914 1785 qui
1943 1738 2145 1786 perveniri

197 1809 370 1858 potuerit
392 1820 474 1845 non
491 1814 658 1858 apparet
673 1808 750 1845 nisi
768 1807 952 1845 exaeresi
972 1807 1122 1844 vocalis
1144 1807 1381 1857 principalis
1401 1806 1534 1856 alpha.
1569 1807 1748 1856 Πρέσβα
1765 1815 1805 1845 et
1820 1809 2046 1859 πρέσβειρα
2064 1811 2144 1848 alio

199 1883 285 1919 loco
309 1884 540 1920 examinata
568 1888 672 1919 sunt.
727 1882 811 1918 Iam
842 1894 974 1919 sermo
1003 1882 1178 1918 deflectit
1204 1882 1256 1919 ad
1284 1882 1549 1927 substantiva,
1576 1895 1745 1932 quorum
1774 1896 1897 1920 unum
1928 1891 1988 1921 est
2009 1885 2145 1933 ἄμμος

201 1968 252 1994 ex
280 1956 444 2005 ἄμαθος
481 1958 683 1994 concisum
712 1962 757 1993 ut
785 1956 929 1993 dicitur
963 1958 1005 1993 in
1039 1955 1170 1993 Schol.
1199 1955 1293 2003 Lyc.
1330 1959 1417 1993 247.
1452 1957 1523 1994 sed
1551 1957 1624 1995 hoc
1650 1958 1785 2008 potius
1812 1969 2055 2007 paragogum
2086 1966 2147 1996 est

199 2038 244 2068 ut
270 2030 473 2081 ψοίμαθος
501 2031 619 2067 Proll.
649 2032 711 2066 35.
754 2028 973 2080 Βὲρεθρον
1007 2026 1077 2067 καὶ
1111 2027 1215 2066 nato?
1253 2043 1368 2080 συγκ.
1401 2028 1577 2079 βίθρον.
1618 2029 1787 2081 Κράτης
1813 2030 1884 2070 καὶ
1913 2031 2146 2082 Εὐφορίων

200 2104 334 2146 οὕτως
367 2102 459 2141 ΕΜ.
493 2104 579 2147 194,
615 2106 676 2140 23.
716 2103 824 2152 quod
854 2104 889 2140 si
918 2103 1197 2139 contendimus
1222 2115 1310 2140 cum
1336 2106 1613 2151 congenerans
1639 2105 1782 2153 βάθος
1815 2104 1977 2153 βάσσος
2004 2105 2145 2153 βῆσσα

200 2175 362 2229 βόθρος
389 2175 592 2226 βόθυνος,
619 2174 809 2214 credibile
836 2177 890 2215 sit
917 2187 1000 2214 non
1014 2174 1179 2226 βέθρον
1194 2176 1396 2215 concisum
1417 2176 1485 2214 sed
1501 2175 1731 2229 βάραθρον
1750 2178 1960 2217 dilatatum
1976 2189 2075 2216 esse.
2091 2175 2145 2230 ¹¹).

198 2251 429 2302 Ὀρᾶμνους
462 2248 569 2288 zato?
607 2263 721 2301 συγκ.
758 2249 872 2289 εἶπεν
911 2248 1005 2289 οἷον
1041 2249 1309 2300 όροδοῖμνους
1337 2250 1450 2302 παρά
1478 2252 1524 2291 τὸ
1555 2252 1726 2303 ὀρούειν
1754 2252 1842 2290 Sch.
1869 2254 1953 2292 Nic.
1982 2253 2053 2291 Th.
2083 2255 2144 2290 91.

172 2399 185 2418 Ι

305 2427 372 2478 11]
417 2440 451 2465 v.
476 2429 626 2465 Meinek.
649 2428 759 2464 Anall.
783 2430 856 2465 147.
880 2429 939 2474 qui
960 2428 1048 2474 quod
1074 2430 1172 2465 affert
1192 2428 1344 2477 βάθρον,
1367 2440 1389 2466 a
1413 2432 1523 2476 βαίνω
1547 2431 1735 2468 derivatum
1756 2436 1821 2468 est.
