2330 2654
1127 86 1162 132 4

170 197 277 251 dicta
303 195 483 246 πάμπαν
512 201 553 232 et
579 193 838 233 παντάπασι.
880 194 1029 233 Verum
1060 193 1226 246 προπρό
1252 193 1340 232 sive
1366 193 1545 245 simplex·
1567 195 1655 234 sive
1669 195 1794 235 verbo
1809 196 2003 236 sociatum
2032 211 2124 250 pro-

166 271 255 322 prie
283 270 481 321 significat
508 269 708 307 actionem
737 269 994 320 procedentis
1021 266 1224 315 iteratam,
1252 280 1327 306 nec
1352 279 1446 307 raro
1473 263 1672 318 disjuncte
1699 270 1896 310 scribitur.
1950 271 2123 312 Eadem-

168 360 248 398 que
282 347 502 398 scripturae
541 344 817 384 inconstantia
853 344 1028 382 cernitur
1069 345 1114 383 in
1145 344 1327 383 relativis
1364 343 1482 383 latini
1523 346 1723 384 sermonis
1757 352 1887 393 utut,
1928 346 2122 394 ubiubi,

168 419 438 459 undeunde
465 426 552 465 etc.,
578 418 650 456 sed
677 420 783 456 ratio
811 420 929 468 longe
954 419 1117 456 diversa
1145 425 1223 464 est3
1251 419 1314 457 his
1342 431 1517 469 namque
1543 420 1751 458 reiteratio
1773 415 1965 459 'conciliat
1990 423 2124 459 notio·-

170 508 263 534 nem
292 494 591 538 universitatis,
611 486 731 542 ‘quae
757 494 918 543 saepius
947 493 1188 542 exprimitur
1212 493 1441 543 particulis,
1477 492 1779 543 ubicunque,
1820 494 2122 545 quicunque,

170 569 283 612 ὅπως
311 566 479 618 δήποτε,
508 563 604 608 ὅσος
632 564 804 615 δήποτε,
847 566 917 604 sed
945 563 1042 608 ὅσος
1070 563 1168 608 ὅσος
1195 565 1339 605 Graeci
1366 578 1450 604 non
1475 566 1613 604 dicunt
1639 568 1717 604 nisi
1745 567 1790 604 in
1817 575 1974 614 neutro,
2000 569 2123 619 idque

170 645 251 681 alio
280 642 497 685 intellectu,
526 640 590 677 vel
619 641 785 690 proprio
815 640 976 677 hoc¹est
1003 648 1464 690 quantumcunque,
1491 641 1557 678 vel
1583 640 1633 678 de
1658 653 1701 678 re
1729 641 1893 689 exigua3
1929 654 2024 681 nam
2052 644 2123 693 qui

169 717 226 754 sic
251 716 481 765 loquuntur,
509 714 745 763 exiguitatis
761 714 1030 763 suspicionem
1047 714 1281 763 relinquunt
1293 716 1337 765 ²).
1371 715 1515 764 Itaque
1529 714 1765 764 plerumque
1786 714 1941 752 indicat
1964 727 2122 764 >quan-

168 789 320 827 tulum
364 787 684 839 quantulum,
726 788 821 841 sive¹
845 786 1220 837 aliquantulum
1258 794 1302 835 ut
1330 788 1388 825 'in
1423 787 1549 828 Anth.
1584 788 1631 826 V.
1669 791 1730 825 55.
1765 785 1983 839 α’μφασίης
2017 786 2120 826 ὅσον

167 862 270 901 ὅσον
297 863 575 913 ὑπεπρήϋναν
604 862 804 912 ἀνάγκην.
859 862 1008 899 Verum
1038 870 1175 900 tamen
1202 872 1247 899 ut
1273 864 1348 901 hoc
1375 864 1520 901 clarius
1548 871 1764 913 appareat,
1804 875 1925 914 saepe
1958 863 2123 902 additur

163 938 231 975 vel
260 937 502 986 adjectivum
530 934 743 987 proprium
767 936 885 983 hujus
912 937 971 974 rei
1000 943 1044 973 ut
1070 937 1114 974 in
1141 937 1188 975 N.
1216 938 1261 976 T.
1287 938 1376 975 loco
1400 926 1556 988 μικρὸν
1584 933 1687 977 ὅσον
1714 933 1837 982 ὅσον,
1876 937 1942 975 vel
1969 948 2122 982 nomen

164 1012 225 1049 rei
260 998 429 1061 exiguae
465 1008 568 1051 ὅσον
603 1008 708 1069 ὅσον
744 1008 860 1060 arii-77
896 1010 1116 1061 Aristoph.,
1159 1009 1262 1051 ὅσον
1297 1008 1401 1051 ὅσον
1438 1009 1593 1063 στιγμή
1627 1010 1747 1049 Anth.
1774 1009 1863 1048 vn.
1889 1013 1979 1050 472.
2011 1011 2121 1062 quod

163 1084 345 1123 Naekius
382 1084 432 1123 de
465 1085 604 1123 Hecal.
637 1097 676 1135 p.
714 1087 774 1121 84.
811 1097 882 1133 pro
918 1083 1047 1122 τόσον
1082 1083 1187 1124 ὅσον
1221 1086 1398 1136 positum
1427 1092 1555 1135 putat,
1588 1092 1633 1122 ut
1657 1083 1763 1134 ἦμος
1795 1074 1864 1123 ὅτε
1890 1098 1963 1135 pro
1991 1089 2121 1135 τῆμος

165 1156 250 1206 ὅτε,
280 1158 353 1197 sed
380 1159 592 1197 relativum
622 1156 726 1198 ὅσον
763 1170 845 1195 non
874 1158 931 1196 sic
967 1165 1009 1196 ut
1037 1155 1083 1201 ὃς
1110 1170 1185 1208 pro
1214 1155 1347 1205 οὗτος,
1376 1158 1686 1197 demonstrativi
1713 1159 1799 1197 loco
1826 1159 2001 1210 ponitur.
2055 1159 2118 1197 Ab

163 1234 229 1272 his
269 1234 458 1271 omnibus
500 1233 632 1271 differt
669 1232 830 1270 iteratio
873 1232 1155 1279 numeralium,
1198 1245 1278 1283 qua
1317 1234 1532 1283 scriptores
1569 1232 1754 1271 indiserti
1784 1233 1950 1285 inopiae
1984 1234 2119 1273 distri·

162 1308 397 1346 butivorum
427 1307 638 1345 medentur
668 1304 747 1343 δύο
778 1304 857 1343 δύο
886 1306 993 1344 bini
1021 1308 1063 1344 in
1091 1305 1206 1344 libris
1233 1306 1279 1345 V.
1307 1314 1347 1344 et
1373 1307 1420 1345 N.
1447 1308 1492 1346 T.
1506 1306 1549 1359 ⁸).
1598 1306 1651 1345 Et
1678 1308 1736 1346 sic
1755 1307 1873 1345 hodie
1899 1308 2120 1359 loquuntur

161 1384 204 1420 in
233 1382 423 1427 Graecia,
466 1382 663 1431 ἔρχονται
689 1380 784 1422 ἕνας
812 1379 909 1423 ἕνας
937 1381 1144 1429 singuli,
1183 1380 1261 1430 μιᾶ
1289 1379 1371 1430 ,aad
1388 1378 1600 1431 singulae,
1628 1380 1699 1420 sed
1724 1388 1877 1420 veteres
1905 1381 2001 1421 καθ’
2028 1382 2117 1428 ἕνα,

164 1456 245 1495 dvo}
276 1456 355 1494 δύο
384 1462 457 1493 etc.
514 1455 735 1506 Sophocles
762 1466 860 1492 vero
892 1454 1002 1503 μίαν
1028 1455 1136 1504 μίαν
1172 1468 1256 1493 non
1283 1455 1359 1493 hoc
1392 1455 1599 1492 intellectu
1626 1456 1808 1505 posuisse
1840 1456 2016 1503 videtur,
2046 1457 2117 1496 sed

162 1544 235 1582 pro
265 1531 415 1569 sensim
446 1538 489 1569 ut
517 1530 683 1580 quidam
721 1530 992 1569 recentiorum
1029 1542 1067 1568 ν.
1095 1529 1162 1569 Du
1191 1529 1313 1580 Cang.
1368 1529 1433 1568 Sic
1461 1531 1568 1569 enim
1599 1530 1787 1569 convenit
1814 1542 1900 1569 cum
1930 1532 2117 1583 exemplo

162 1619 185 1643 a
212 1604 497 1643 Grammaticis
525 1604 713 1655 apposito
740 1605 903 1653 μᾶλλον
928 1605 1103 1653 μᾶλλον,
1132 1604 1244 1653 cujus
1272 1605 1333 1642 vis
1361 1605 1584 1647 successiva
1612 1611 1672 1642 est
1698 1604 1748 1642 ab
1765 1603 1958 1655 Euripide
1985 1610 2118 1643 trans-

164 1681 246 1717 lata
273 1679 324 1718 ad
352 1679 522 1717 verbum
552 1678 700 1729 λαβών
727 1676 808 1730 γὰρ
837 1675 980 1727 ἐλάτης
1007 1675 1214 1728 οὐράνιον
1241 1678 1399 1718 κλάδον
1427 1681 1618 1731 κατῆγεν,
1646 1677 1760 1731 ἦγεν,
1788 1677 1888 1730 ἦγεν
1910 1678 1967 1723 εἷς
1985 1678 2118 1729 μέλαν

167 1752 294 1790 πέδον
322 1752 463 1792 Bacch.
494 1754 606 1789 1062.
635 1763 659 1789 a
684 1751 832 1789 Nonno
860 1758 1008 1797 autem,
1039 1764 1161 1802 quum
1190 1753 1295 1792 hunc
1320 1755 1451 1805 ipsum
1482 1754 1609 1790 locum
1638 1753 1839 1791 imitando
1861 1753 2117 1804 exprimeret,

166 1826 217 1863 ad
246 1838 412 1865 nomen:
440 1825 665 1875 κόρυμβον
692 1822 804 1874 χειρὶ
832 1825 987 1870 πιέζων
1016 1825 1071 1866 εἰς
1098 1826 1245 1873 πέδον,
1274 1827 1331 1869 εἰς
1358 1827 1490 1865 πέδον
1519 1823 1633 1864 εἷλκε.

272 1923 362 1959 Jam
393 1923 487 1958 mihi
518 1922 655 1958 omnia
685 1919 1020 1969 anadiplasiasmi
1047 1934 1194 1970 genera
1222 1935 1480 1975 enumerasse
1504 1923 1655 1968 videor,
1682 1924 1861 1974 primum
1886 1924 2020 1969 clitici,
2049 1925 2118 1974 qui

162 1998 207 2035 in
236 1994 487 2046 temporibus
515 1994 626 2032 verbi
656 1993 833 2045 obliquis
862 1995 1013 2040 existit,
1043 2001 1127 2032 tum
1158 1995 1244 2043 ejus
1273 2007 1350 2047 quo
1379 2007 1493 2035 casus
1520 1998 1616 2035 recti
1643 1998 1854 2035 nominum
1883 1997 2117 2037 verborum-

164 2084 243 2122 que
272 2071 514 2108 afficiuntur.
556 2069 675 2106 Hunc
701 2076 836 2107 autem
864 2071 1012 2119 partim
1042 2069 1092 2106 ab
1110 2069 1277 2107 arbitrio
1305 2072 1555 2122 loquentium
1572 2074 1766 2123 proficisci
1782 2073 1868 2110 dixi
1884 2074 2117 2124 nullamque

264 2279 309 2327 2)
331 2278 456 2315 Ποσόν
478 2268 631 2315 Galenus
653 2281 689 2314 in
711 2279 827 2315 Gloss.
852 2281 1096 2325 interpretatur
1116 2281 1239 2327 ὀλίγον.

266 2344 309 2391 3)
330 2355 364 2379 v.
387 2344 510 2380 Winer
530 2345 565 2379 in
588 2343 736 2380 Gramm.
756 2345 800 2379 N.
827 2345 866 2380 Τ
889 2343 927 2393 §-
949 2344 1004 2390 38,
1026 2347 1061 2381 3.
1085 2350 1121 2383 et
1139 2349 1194 2395 58,
1218 2350 1249 2384 1.
1271 2348 1328 2401 qui
1348 2348 1403 2385 liis
1423 2348 1557 2386 confert
1577 2348 1815 2385 Exod.V111.
1845 2351 1896 2384 14.
1925 2348 2116 2396 συνήγαγον

164 2397 289 2439 αυτοὺς
310 2399 495 2444 θημωνίας
516 2398 698 2443 θημωνιάς
716 2398 751 2434 id
770 2402 826 2434 est
848 2399 1044 2436 acervatim.
1916 2426 1919 2432 -
