2330 2654
1139 57 1183 105 9.

183 175 272 211 687.
301 173 388 209 690.
417 173 574 209 693..οι
597 169 648 215 de
676 168 841 218 Septim.
868 170 958 205 447.
985 168 1031 206 Τ.
1060 170 1094 207 1.
1122 167 1362 220 ἓκτρωσμός
1388 168 1575 207 Muliebr.
1602 170 1633 207 Ι.
1664 172 1749 208 729.
1794 169 1897 209 Nam
1925 183 1950 210 ι
1977 173 2126 220 ves-bis,

183 257 285 295 quae
311 244 670 296 reduplicationem
697 243 741 280 in
768 243 904 280 futuro
938 249 1111 289 exuunt,
1138 244 1307 282 nomina
1333 249 1607 294 propagantur
1633 255 1717 282 non
1736 243 1958 296 duplicata3
1984 246 2125 298 κίχρη-

184 333 247 362 aas·
272 318 610 369 ignobilissimum
639 323 841 355 auctorem
867 315 991 354 habet
1004 316 1214 365 Tzetzam3
1240 329 1313 368 pro
1334 316 1562 367 Μίμνησιν
1580 311 1822 367 α’νᾰμνησιν
1836 322 2014 369 ποιῆσαι
2026 319 2125 360 Hes.

182 405 262 431 non
289 393 514 442 interrupto
542 391 746 429 literarum
777 389 930 429 ordine*
946 389 1066 429 scribi
1092 387 1747 441 convenirMc'pwnaxs-noc‘qoaa
1760 404 1811 431 ex
1822 392 1898 432 nd.
1914 392 2021 432 xlv.
2037 394 2124 432 169.

179 467 289 517 μηδέ
313 481 367 516 με
394 465 557 505 τούτων
582 464 779 516 μίμνησκ’
794 464 973 512 —Quae
1000 477 1094 503 vero
1118 472 1358 515 aeceperunt
1383 464 1782 515 anadiphfiasmum,
1809 480 1857 506 eo
1883 480 2022 507 rursus
2043 470 2126 519 pri-

180 542 267 580 vari
295 553 378 580 non
407 547 580 588 constat3
607 552 702 578 nam
731 537 954 591 κρύφαλος,
982 538 1090 590 quod
1112 539 1328 589 aliquoties
1352 539 1497 589 legitur
1529 551 1602 590 pro
1630 538 1902 593 κεκρύφαλος,
1936 549 2007 582 aut
2039 543 2126 595 ple-

180 615 272 662 beja
300 621 361 652 est
388 614 509 652 dictio
538 621 582 651 ut
609 614 752 651 conia
778 625 850 663 pro
879 615 1046 658 ciconia,
1073 620 1142 651 aut
1168 613 1218 651 ab
1247 614 1329 651 alia
1356 613 1480 663 stirpe
1508 613 1680 651 ductum.

552 904 624 941 De
659 914 874 951 syncope
908 902 1110 940 duarum
1145 903 1406 941 literarum
1440 910 1490 941 et
1516 905 1747 954 plurium.

284 1020 324 1072 §5
353 1022 386 1057 l.
440 1019 620 1056 Primore
655 1019 741 1056 loco
777 1029 891 1066 agam
928 1017 978 1054 de
1013 1018 1201 1066 syllabis,
1244 1030 1346 1067 quae
1381 1031 1431 1057 ex
1466 1031 1644 1057 consona
1679 1026 1719 1056 et
1751 1019 1881 1057 vocali
1915 1026 2119 1058 constant:

177 1099 298 1144 κῶμα
334 1091 421 1131 ἐστὶ
453 1090 558 1130 κατὰ
596 1089 809 1142 συγκοπήν
845 1088 926 1127 dm)
954 1092 1033 1127 τοῦ
1055 1090 1247 1143 ,κοίμημα
1284 1091 1338 1133 ὥς
1366 1092 1527 1141 οἷ’μημα
1553 1090 1657 1141 οἶμα
1686 1091 1755 1130 καὶ
1780 1090 1957 1142 δόμημα
1984 1090 2120 1141 δαῖμα,

175 1176 247 1217 καὶ
282 1179 414 1226 τροπῇ
450 1161 520 1223 τῆς
549 1164 591 1213 ο“ι
618 1173 675 1216 εἷς
703 1163 742 1211 αἶ
764 1176 886 1222 κῶμα
920 1169 1052 1210 Schol.
1088 1171 1222 1223 Apoll.
1259 1172 1313 1210 11.
1352 1177 1439 1212 205.
1477 1174 1585 1225 quod
1619 1174 1765 1213 falsum
1800 1182 1862 1214 est
1895 1180 2119 1225 utrumque.

182 1250 293 1301 Οἶμα
322 1262 403 1288 non
431 1250 548 1286 aliter
576 1258 693 1297 qnam
724 1245 836 1295 οἰμη,
866 1244 999 1295 οἶμος,
1027 1244 1078 1283 ab
1107 1236 1274 1294 antiquo
1302 1246 1408 1284 οἷ’σω
1444 1249 1550 1285 fero
1589 1248 1811 1286 derivatum
1839 1255 1903 1286 est
1926 1248 2119 1298 impetum

175 1326 415 1376 significans,
445 1333 489 1362 ut
516 1320 642 1375 φορᾶ,
671 1321 721 1359 ab
749 1318 868 1370 οἶμος
902 1332 999 1358 vero
1027 1319 1093 1357 vel
1122 1319 1221 1369 οἷμη
1251 1320 1416 1359 verbum
1448 1321 1577 1371 οἷμῶ,
1617 1321 1711 1360 hinc
1742 1321 1916 1372 Οἰμημα
1951 1318 2118 1372 ὅρμημα

174 1400 272 1439 Hes.
302 1398 407 1449 quod
439 1399 531 1447 quia
559 1397 656 1435 alibi
684 1408 766 1434 non
794 1395 952 1443 legitur,
981 1393 1198 1444 Sopingius
1223 1392 1325 1445 οἶμα
1353 1396 1472 1434 scribi
1493 1396 1622 1445 jubet.
1675 1399 1802 1444 Δῶμα
1837 1408 1861 1434 a
1889 1396 2003 1446 δέμω
2038 1405 2120 1435 tra-

175 1472 335 1510 ductum
375 1479 435 1509 est
470 1484 555 1510 cum
590 1469 818 1509 necessaria
850 1468 996 1515 ectasi;
1036 1480 1131 1507 nam
1160 1467 1284 1520 Δόμα
1311 1468 1473 1519 τειχίον
1500 1469 1551 1508 ab
1580 1482 1655 1508 usu
1681 1469 1878 1509 abhorret.
1932 1471 2068 1521 Κῶμα
2096 1484 2119 1510 a

174 1546 351 1584 themate
380 1546 491 1583 vorbi
519 1548 676 1594 κεῖμαι,
705 1543 814 1582 unde
838 1545 990 1587 κοῖτος,
1018 1545 1167 1593 κοιμῶ,
1195 1542 1398 1592 κοίμημα,
1427 1543 1533 1594 quod
1550 1544 1749 1582 diversam
1766 1544 1928 1595 quidem
1952 1557 1975 1583 a
1997 1550 2117 1594 κῶμα

171 1621 521 1669 significationem,
550 1619 621 1656 sed
649 1619 819 1656 eandem
847 1624 985 1654 tamen
1017 1619 1212 1666 originem
1242 1617 1375 1655 habet.
1416 1617 1494 1655 His
1516 1626 1681 1668 propter
1707 1619 2008 1657 similitudinem
2036 1628 2119 1658 ter-

173 1693 408 1734 minationis
436 1691 694 1744 adjungenda
721 1698 815 1730 sunt
842 1690 1028 1737 nomina,
1070 1691 1215 1741 quibus
1244 1702 1347 1742 quae
1376 1698 1535 1730 exemta
1563 1691 1709 1732 dicitur
1736 1706 1910 1733 consona
1942 1705 2025 1733 non
2051 1706 2120 1734 ea-

173 1768 264 1806 dem
293 1779 379 1804 cum
410 1768 539 1805 vocali
568 1766 715 1805 caduca
743 1765 970 1803 continetur
997 1764 1166 1813 syllaba,
1195 1764 1265 1802 sed
1293 1766 1542 1815 praetexitur
1567 1767 1796 1816 proximae:
1832 1766 1937 1810 σελίς
1967 1767 2119 1816 σελίζω

173 1843 346 1889 σέλισμα
381 1840 452 1878 καὶ
486 1843 674 1892 συγκοπῇ
709 1839 836 1888 σέλμα
863 1838 994 1877 schol.
1022 1839 1129 1889 Lips.
1158 1839 1209 1877 ad
1238 1840 1283 1877 ΙΙ.
1313 1839 1363 1876 ΙΙ.
1393 1842 1478 1877 170.
1508 1841 1638 1890 Epim.
1667 1841 1696 1879 Ι.
1722 1823 1819 1886 133,'
1833 1844 1867 1878 8.
1895 1841 1999 1880 Gud.
2028 1846 2118 1890 221,

172 1918 233 1954 36.
268 1915 329 1953 cui
364 1912 473 1964 quod
507 1920 821 1953 consentaneum
859 1921 944 1952 erat
978 1921 1023 1951 ut
1055 1913 1206 1963 θαῦμα
1241 1926 1292 1951 ex
1326 1912 1565 1964 θαύμασμα
1601 1915 1799 1953 concisum
1835 1914 2034 1963 dicerent,
2074 1918 2118 1957 id

171 1989 348 2027 animum
385 1999 469 2025 non
504 1986 772 2033 induxerunt,
814 1986 885 2024 sed
916 1987 1037 2025 aliam
1074 1987 1182 2024 viam
1217 1987 1388 2036 ingressi
1422 1994 1515 2025 sunt
1548 1986 1661 2038 παρᾶ
1696 1988 1741 2025 τὸ
1768 1988 1981 2038 θαυμάζω
2008 1991 2118 2029 θαύ·

169 2084 317 2123 μασμα
352 2069 424 2108 καὶ
451 2070 541 2109 κατ’
569 2069 741 2108 ἔνδειαν
768 2075 845 2108 τοῦ
869 2059 900 2109 E
929 2068 1001 2108 καὶ
1034 2069 1124 2107 κατ’
1162 2070 1379 2120 ἀποκοπὴν
1412 2073 1586 2118 θαῦμα·
1629 2070 1669 2108 οἱ
1703 2070 1750 2109 δὲ
1784 2072 1898 2123 παρά
1930 2073 1978 2111 τὸ
2006 2076 2114 2112 θεαῖ-

168 2127 247 2197 μᾷι
272 2144 416 2195 θέαμα
447 2143 517 2183 καὶ
543 2141 691 2195 κράσει
719 2145 841 2193 θᾶμα
869 2141 938 2183 καὶ
972 2145 1147 2194 θαῦμα·
1184 2142 1316 2187 οὕτως
1334 2142 1596 2194 (Ηρωδιανὸς
1628 2145 1812 2197 (scilicet)
1848 2145 1894 2184 ἐν
1930 2147 2113 2198 ἐπιμερι-

171 2225 293 2273 σμοῖς
321 2218 423 2259 Gud.
453 2221 543 2264 256,
572 2222 633 2256 28.
688 2217 731 2255 Si
767 2219 864 2269 quid
897 2219 1064 2257 ulterius
1098 2225 1139 2256 et
1171 2220 1298 2268 magis
1334 2220 1585 2275 primitivum
1619 2220 1912 2269 desideramus,
1952 2229 2110 2273 praesto

169 2305 230 2336 est
264 2297 439 2347 priscum
473 2292 572 2331 θείω
608 2306 646 2331 v.
684 2294 830 2332 Techn.
866 2298 901 2334 5.
935 2295 1046 2343 cujus
1081 2295 1264 2337 futurum
1292 2295 1441 2339 θαύσω
1478 2303 1646 2346 apparet
1672 2297 1715 2333 in
1742 2296 1930 2344 syntheto
1954 2296 2111 2334 θαυσί-

170 2383 301 2421 κριον.
357 2370 502 2419 Σίλμα
538 2368 649 2411 varie
684 2366 882 2429 enodatur
909 2368 1056 2407 Techn.
1086 2370 1172 2406 112.
1201 2380 1273 2406 nec
1300 2380 1399 2419 opus
1428 2376 1490 2407 est
1521 2370 1664 2410 ficticio
1691 2370 1874 2420 σέλισμα.
1925 2368 2108 2409 Duorum

1663 2438 1686 2470 2
