2330 2654
1128 91 1181 138 13

183 209 251 258 qui
286 208 319 244 si
359 217 439 243 non
477 204 628 241 veritus
663 209 769 240 essct
803 213 900 239 voce
934 201 1151 239 thematica
1186 203 1264 246 uti,
1301 202 1388 238 siue
1415 200 1538 238 dubio
1568 202 1790 251 scripsisset
1820 202 1929 249 παρὰ
1959 203 2003 239 τὰ
2034 203 2132 249 αἴρω,

183 280 291 331 qnod
326 280 424 318 mihi
461 290 621 328 quoque
655 287 890 328 persuasum
927 285 988 313 est
1021 287 1104 314 non
1140 275 1230 314 huie
1266 276 1395 313 solum
1435 275 1599 313 subesse
1634 275 1702 313 sed
1739 277 1860 313 etiam
1899 278 2135 324 synonymis

183 354 318 403 ὄρσος,
348 352 455 402 quod
479 353 522 388 in
551 351 740 398 syntheto
762 344 1000 398 ὀρσοδοῖκνη
1023 348 1247 395 delitescit,
1270 348 1419 398 ὄρπηξ,
1449 348 1646 397 ὄρμενος,
1682 348 1864 398 ὄραμνος
1899 348 2136 397 ὐράδαμνος

184 426 417 477 ῥᾶδαμνος,
445 437 616 475 quorum
645 431 850 483 postrema
875 423 926 460 ad
955 423 1054 462 alias
1082 425 1289 475 pertinent
1303 425 1548 461 affectiones.
1596 424 1801 473 Γλαφυρίς
1814 422 1884 485 ²⁰²2
1899 423 2009 461 κατὰ
2025 438 2138 475 συγκ.

184 499 326 553 γλαρίς
362 500 386 538 ὅ
423 499 621 547 σημαίνει
658 497 811 547 σμίλην
846 497 873 547 ἢ
905 497 1029 548 ῥίνην
1062 497 1090 547 ἢ
1123 498 1289 550 ὄρυγμα
1326 499 1416 550 (scr.
1446 497 1596 549 ὄρυγα)
1635 497 1721 534 ΕΜ.
1750 502 1836 544 233,
1867 490 1906 542 δῖ,
1958 497 2000 534 Si
2040 497 2140 534 fictis

185 576 303 614 iebus
332 574 453 612 inniti
482 573 601 618 libet,
637 585 732 623 prae
768 571 972 624 γλαφυρίς
1000 572 1285 610 assumendum
1314 579 1375 609 est
1404 571 1569 610 verbum
1600 570 1724 622 yiw‘w,
1754 573 1858 610 unde
1886 571 1982 609 illud
2015 571 2143 608 offici-

186 663 262 689 nae
296 662 445 687 nomen
480 648 645 699 produci
679 648 811 697 potuit
843 654 887 683 ut
921 659 945 683 a
980 646 1100 695 σμιίω
1132 646 1294 698 σμυρίς.
1349 647 1431 685 Nec
1465 659 1704 709 quemquam
1741 649 1920 685 movebit
1957 646 2140 694 ejusdem

187 733 405 771 affirmatio
437 744 474 781 p.
504 735 591 776 550,
624 732 682 767 18.
710 733 820 771 κῶας
847 727 1007 772 κωάτος
1032 729 1103 767 καὶ
1132 734 1363 781 παραγωγῇ
1398 729 1633 768 κωατίδιον
1669 729 1734 767 κατ’
1772 735 1958 781 συγκοπῇ
1988 734 2061 767 τοῦ
2094 746 2141 771 ας

187 806 381 852 κωΐδιον,
410 805 516 856 quod
543 818 567 842 a
594 803 676 847 καίς
704 805 790 842 sive
817 807 929 847 κῶας
958 803 1119 843 ductum
1148 812 1209 843 est
1235 805 1435 854 vulgoque
1469 805 1563 861 sine*
1584 805 1668 842 iota
1694 805 1890 842 scribitur.
1950 803 2005 843 To
2033 803 2141 854 μάρ-

187 897 260 924 τυς
287 880 395 920 τινές
412 892 545 929 φασιν
572 879 616 916 ἐκ
642 881 719 915 τοῦ
732 876 947 929 μάρτυρος
975 879 1179 930 γενέσθαι
1205 878 1311 915 κατά
1341 877 1576 929 συγκοπήν·
1607 878 1650 915 ἓν
1680 878 1722 915 δὲ
1752 882 1840 920 τοῖς
1869 877 2140 926 ιῖνομοιτικοῖς

188 958 265 993 τοῦ
287 952 554 1002 Ἡρωδιανοῦ
582 952 755 1002 φέρεται
782 948 849 990 ὅτι
874 953 900 1003 ἦ
929 952 1071 1006 γενικὴ
1100 956 1176 991 τοῦ
1190 952 1404 1003 μα’ρτυρος
1434 951 1675 1002 ἀνέδραμεν
1703 954 1756 994 εἰς
1782 952 1961 991 εὐθεῖαν
1991 954 2011 989 ὁ
2035 952 2140 1002 μοίρ-

189 1042 313 1078 τυρος
342 1028 447 1065 Eust.
477 1038 514 1076 p.
544 1028 631 1071 174,
664 1028 720 1063 13.
749 1038 787 1076 p.
818 1028 931 1072 1807,
962 1028 1021 1065 14.
1076 1026 1210 1074 Hujus
1246 1027 1491 1065 anadromae
1527 1027 1713 1076 exempla
1740 1027 1865 1064 multa
1900 1027 2024 1064 allata
2050 1034 2141 1064 sunt

190 1104 233 1139 in
264 1102 406 1139 Parall.
435 1102 522 1140 217.
549 1113 607 1149 sq.
652 1101 802 1149 Μέσση
830 1099 937 1138 κατὰ
967 1098 1182 1152 συγκοπήν
1211 1099 1350 1151 Steph.
1378 1102 1440 1138 cui
1472 1102 1678 1139 Berkelius
1707 1100 1908 1150 ἀποκοπή,
1941 1109 1981 1138 ut
1997 1101 2139 1139 Strabo

192 1183 328 1219 vocat,
357 1176 566 1226 supponit,
607 1174 679 1212 sed
715 1181 755 1212 et
789 1175 920 1213 Schol.
956 1176 1001 1212 Α.
1034 1175 1085 1212 ad
1119 1175 1166 1213 Il.
1203 1175 1253 1212 II.
1291 1177 1380 1216 581.
1436 1175 1613 1225 Mae‘oorju
1651 1175 1725 1225 ‘HJJ‘
1761 1174 1995 1225 Μεσσήνην
2035 1177 2139 1228 λέγει

193 1250 409 1302 συγκόψας
436 1248 483 1286 to*
511 1248 659 1297 ὄνομα.
715 1248 858 1287 Cetei-o
887 1250 956 1298 qui
984 1256 1168 1300 neutrum
1196 1249 1321 1295 valet3
1362 1261 1454 1287 nam
1486 1248 1690 1298 Μεσσήνη
1720 1262 1827 1287 mera
1849 1262 2049 1300 paragoge
2070 1258 2140 1288 est.

194 1337 229 1362 v.
262 1325 404 1362 Parall.
444 1325 528 1360 1⁷6.
563 1322 787 1372 eodemque
820 1323 864 1360 in
895 1322 1000 1360 libro
1037 1325 1125 1360 384.
1159 1323 1280 1370 rejeci
1315 1336 1519 1372 syncopen
1556 1324 1605 1361 ab
1638 1324 1843 1361 Eustathio
1873 1325 2138 1375 excogitatam

194 1396 460 1446 Πολυποίτης
491 1397 534 1434 ἐκ
570 1400 645 1435 τοῦ
681 1394 1005 1444 Πολυποινίτης.
1072 1395 1153 1434 Cur
1195 1409 1289 1434 vero
1329 1410 1400 1447 pro
1436 1397 1638 1438 Ἠλίδειος
1679 1398 1832 1434 dicatur
1868 1396 2025 1440 Ἠλεῖος
2062 1399 2142 1435 alia

193 1473 352 1512 ratione
381 1472 600 1522 explicant:
630 1469 712 1509 α’πό
740 1475 811 1520 τῆς
834 1469 1038 1513 Ήλίδειος
1065 1470 1280 1523 ἀναλόγως
1304 1471 1507 1514 Ἠλίδειος
1536 1472 1590 1514 οἷς
1617 1470 1886 1514 ’.Αδωνῖδειος
1913 1472 1983 1510 καὶ
2005 1470 2141 1510 Εὐπο-

196 1555 353 1597 λίδειος
380 1558 555 1602 κτητικοῦ
582 1552 695 1601 τύπῳ
730 1551 800 1590 καὶ
828 1553 929 1590 καθ’
959 1551 1113 1603 ὕφεσιν
1140 1558 1216 1592 τοῦ
1239 1546 1279 1592 ff
1297 1555 1471 1596 Ἠλίειος
1496 1554 1566 1594 καὶ
1586 1556 1744 1597 ’'HJ-ung
1773 1555 1910 1605 Stepb.
1941 1557 2006 1592 ubi
2030 1556 2142 1592 deest

196 1640 319 1676 erasis
346 1638 513 1681 mentio,
543 1648 645 1685 quae
672 1638 715 1673 in
744 1637 833 1673 EM.
858 1639 949 1679 426,
978 1640 1038 1673 32.
1068 1638 1257 1685 adjicitur
1278 1637 1482 1679 Ἠλίδειος
1508 1637 1580 1676 καὶ
1610 1638 1797 1686 ἀποβολῇ
1827 1643 1900 1675 τοῦ
1924 1626 2143 1681 ἷἨλίειος

195 1710 267 1751 καὶ
294 1710 438 1759 κράσει
463 1708 632 1752 Ἡλεῖος.
684 1710 883 1747 Primitivi
913 1710 1113 1758 genitivus
1140 1717 1201 1748 est
1218 1710 1386 1753 ’Ήλιδος
1420 1712 1489 1749 sed
1522 1712 1714 1761 gentilicii
1750 1724 1833 1749 una
1867 1712 1996 1749 forma
2025 1713 2145 1750 inno-

196 1787 273 1823 tuit
294 1784 450 1827 Ἠλεῖος
477 1790 521 1821 ut
548 1783 598 1821 ab
620 1782 732 1826 Ἧτις
757 1787 827 1833 τῆς
844 1782 1016 1826 ’Ἠτιδος
1044 1785 1068 1821 0‘
1095 1783 1265 1834 πολίτης
1289 1785 1455 1828 Ἠτεῖος
1482 1786 1572 1823 ΕΜ.
1602 1788 1689 1831 248,
1715 1787 1775 1822 36.
1804 1786 1844 1822 in
1860 1785 2005 1833 quibus
2020 1798 2146 1836 appa-

197 1855 258 1898 r'et
291 1861 619 1897 terminationem
649 1859 917 1908 possessivam
954 1859 1134 1907 syllabae
1170 1862 1348 1898 nominis
1383 1862 1575 1899 indeflexi
1607 1861 1821 1910 primariae
1853 1861 2143 1912 agglutinatam

197 1946 295 1972 esse.
350 1932 431 1972 Sed
461 1932 684 1976 Ἀδαίνειος
719 1940 759 1970 et
781 1931 1052 1976 Ἀδωνίδειος
1079 1946 1103 1971 a
1130 1933 1301 1972 diversis
1330 1935 1604 1972 nominativis.
1644 1932 1868 1983 Stephanus
1893 1944 1923 1970 s.
1951 1934 2140 1985 Κυλλήνη

196 2030 249 2038 -
274 2005 344 2045 καὶ
379 2008 560 2050 Κύλλιος
587 2007 748 2059 λέγεται
776 2009 927 2057 Ἑρμῆς
954 2006 1059 2046 κατὰ
1096 2007 1309 2060 συγκοπην
1342 2012 1417 2046 τοῦ
1451 2006 1701 2057 Κυλλήνιος,
1743 2006 1848 2056 quod
1885 2017 2025 2047 contra
2068 2010 2142 2047 dici

197 2088 330 2132 potest
363 2093 513 2119 nomen
550 2080 742 2130 Κυλλήνη
782 2081 955 2119 derivati
988 2082 1162 2130 speciem
1200 2082 1349 2119 habere
1385 2082 1550 2132 ejusque
1584 2083 1832 2132 primitivum
1879 2095 1967 2120 esse
2003 2082 2143 2122 κυλλός

199 2155 284 2192 sive
312 2156 463 2201 κοῖλος,
490 2154 598 2192 unde
627 2155 895 2206 alia-quoque
921 2155 1100 2192 locorum
1125 2156 1293 2193 nomina
1319 2154 1464 2205 Κοίλη,
1488 2153 1539 2193 τοὶ
1567 2154 1713 2193 Κοῖλα.

847 2318 1483 2344 ψ-
