2330 2654
1151 74 1184 124 8

199 197 237 225 et
265 186 374 237 quod
401 186 509 223 idem
538 185 653 223 affert
681 186 798 235 Λῆτο
825 185 1013 234 ἐλέληστο
1041 196 1066 223 a
1092 182 1179 224 λάώ
1201 183 1360 224 ductum
1386 185 1645 240 (Techn394.)
1672 170 1933 239 ejusdemque
1950 192 2142 241 temporIs

194 261 357 299 videtur
393 267 436 298 ut
468 262 614 308 Πλῆτο
649 259 837 310 ἐπλήσθη
874 259 1071 312 ἤγγισεν,
1113 259 1185 298 sed
1220 261 1372 310 Μῆστο
1407 259 1708 308 ἐβουλεύσατο’
1725 274 1926 314 syncopae
1966 264 2145 313 speciem

193 335 373 386 praebet.
433 332 662 371 consonam
698 334 880 383 syllabae
913 333 1110 383 repetitae
1142 344 1431 383 nonnunquam
1472 336 1740 384 praetermitti
1758 342 1971 374 ,manente
2009 337 2143 375 vocali

196 408 483 449 Grammaticis
504 419 739 458 persuasum
768 408 859 454 fuit,
887 406 959 446 sed
986 401 1186 457 exempla,
1212 406 1357 457 quibus
1384 406 1427 445 id
1454 407 1715 459 comprobare
1730 416 1938 455 conantur,
1965 414 2035 446 aut
2056 419 2141 456 non

193 486 448 536 reperiuntur
473 489 518 520 ut
545 481 794 533 ἀπεδήμηκα
822 495 859 521 v.
880 482 1056 520 Meinek.
1073 481 1184 521 Com.
1213 482 1279 520 Fr.
1308 482 1350 519 P.
1379 483 1410 520 1.
1433 483 1523 535 413.
1551 490 1620 521 aut
1645 496 1668 520 e
1695 484 1853 522 vitiosis
1880 477 1994 522 libris
2020 483 2140 522 ducta

194 567 288 597 sunt
319 565 361 595 ut
389 556 696 607 ἐπαττάλευμαι
723 557 846 596 Mein.
875 557 900 595 l.
929 571 959 595 c.
990 558 1077 596 107.
1105 564 1145 595 et
1172 553 1467 608 ἐνωγᾶλισται,
1501 555 1611 605 quod
1643 555 1750 602 idem
1775 557 1867 605 jure
1892 559 2023 607 rejicit
2049 558 2138 597 Vol.

194 633 266 670 111.
294 633 383 669 212.
437 630 716 668 Indubitatum
745 642 842 668 vero
871 641 1062 680 praesens
1092 628 1248 680 στήκω,
1291 629 1400 680 quod
1425 629 1641 679 aliquoties
1671 630 1713 668 in
1740 633 1786 669 N.
1815 631 1858 669 Τ.
1891 631 2037 681 legitur
2063 644 2137 684 pro

193 704 374 754 ἑστήκω,
417 717 496 754 quo
530 705 774 755 Posidippus
810 717 904 742 usus
939 688 1077 742 estin
1112 704 1231 742 Anth.
1259 703 1364 753 App.
1390 716 1429 741 n.
1454 707 1514 741 65.
1545 703 1804 743 Grammatici
1832 717 1948 751 vero,
1990 707 2059 755 qui
2082 706 2136 755 *de

192 765 364 829 πεφώὲω
392 785 434 816 et
461 779 661 817 similibus
690 777 917 828 disputant,
955 777 1060 815 illud
1088 788 1171 814 non
1197 776 1400 825 attingunt
1428 776 1499 815 sed
1528 776 1826 816 Choeroboscus
1855 776 1953 815 Can.
1980 790 2018 828 p.
2047 781 2134 816 870.

190 852 357 890 adhibet
383 852 519 890 futuro
548 852 717 902 ἑστήξω,
745 852 948 901 geminum
976 851 1166 900 τεθνήξω
1194 852 1533 900 praetermittens.
1576 850 1749 889 Atticam
1776 850 2133 901 reduplicationem

189 928 407 975 scriptores
441 927 751 974 inelegantiores
786 937 908 975 saepe
941 927 1166 973 negligunt:
1212 924 1490 975 ἐπηγερμένος
1532 925 1639 963 Socr.
1675 922 1800 975 Epist.
1840 910 2027 962 XXVIII.
2072 928 2133 962 33·

191 1001 485 1053 διωρυγμένον
516 1000 627 1037 Phot.
657 1000 759 1037 Bibl.
790 999 956 1038 CCLVI.
993 1003 1078 1036 767.
1112 998 1385 1047 προςήνεκται
1420 998 1550 1037 Strab.
1577 999 1626 1037 X.
1652 1001 1741 1037 484.
1773 997 1903 1051 (codd.
1938 998 2134 1049 προςενή-

189 1076 378 1126 νεγκται)
406 1072 668 1124 ἐξηλεγμένσν
703 1073 845 1111 Liban.
869 1074 912 1112 Τ.
942 1073 994 1112 11.
1024 1075 1111 1110 335.
1139 1071 1346 1123 ἠλέγχθαι
1374 1071 1523 1111 Charit.
1549 1072 1596 1110 V.
1620 1075 1656 1118 6,
1682 1075 1768 1111 118.
1795 1072 2006 1125 ἐξήλεγκτο
2035 1074 2132 1112 Dio-

188 1161 280 1197 nys.
309 1147 359 1185 de
387 1148 477 1195 Lys.
504 1146 655 1184 XXIII.
685 1149 746 1183 23.
776 1159 798 1183 e
825 1147 973 1195 Lysiae
996 1147 1084 1183 loco
1113 1153 1302 1192 sumtum,
1330 1146 1373 1182 in
1403 1157 1481 1195 quo
1510 1146 1714 1201 Rekkerus
1741 1157 1793 1183 ex
1820 1158 1897 1183 uno
1926 1147 2011 1184 cod.
2046 1148 2132 1196 ἐξη-

189 1221 357 1272 λέγχετο
385 1221 571 1265 restituit,
598 1219 825 1268 ἠρισμένος
852 1218 1147 1270 ἐστηριγμένος
1173 1218 1272 1257 Hes.
1305 1220 1521 1269 multisque
1549 1219 1707 1257 aliis·in
1735 1219 1869 1257 verbis
1896 1233 1997 1270 quae
2024 1222 2132 1260 indi-

188 1298 277 1335 cavi
313 1295 364 1333 ad
409 1294 555 1342 Phryn.
589 1305 625 1343 p.
662 1295 723 1331 31.
759 1291 985 1342 Κατήνοκα
1016 1292 1108 1341 (sic)
1145 1290 1408 1342 κατενήνοχα
1442 1291 1539 1331 Hes.
1576 1305 1626 1331 ex
1660 1292 1802 1331 ordine
1834 1295 2021 1345 scriptum
2059 1294 2132 1345 sed

187 1377 326 1409 auctor
351 1370 528 1419 ignotus;
556 1380 628 1418 pro
656 1367 878 1417 ἠλύθαμεν
907 1367 1005 1406 Hes.
1033 1367 1180 1416 Theog.
1208 1369 1296 1405 660.
1324 1374 1512 1406 revocata
1537 1374 1598 1405 est
1624 1369 2009 1419 antiqua-scriptura
2035 1367 2132 1418 ἠλύ-

184 1430 344 1494 θομεν,
385 1449 524 1480 manet
555 1453 652 1479 vero
690 1442 948 1491 manebitque
973 1440 1113 1490 ἤλυθα
1146 1442 1188 1478 in
1222 1440 1344 1479 Anth.
1373 1441 1476 1492 App.
1502 1441 1654 1479 CCVII.
1707 1443 1980 1493 Praepositam
2007 1443 2130 1480 verbo

185 1519 390 1569 praesenti
418 1516 616 1563 syllabam
646 1517 726 1552 arsi
756 1516 955 1552 sublatam
985 1527 1084 1560 esse,
1113 1516 1267 1559 nullum
1297 1523 1360 1553 sat
1382 1524 1532 1553 certum
1562 1516 1789 1565 exemplum
1819 1518 2002 1562 invenio;
2030 1516 2129 1561 ἀπο-

186 1592 357 1642 δρᾰσκω
388 1588 483 1629 ἀντὶ
510 1593 585 1628 τοῦ
613 1587 941 1638 ἀποδιδράσκω,
977 1589 1084 1639 quod
1118 1590 1357 1638 Anonymus
1386 1589 1435 1627 de
1463 1587 1578 1635 Quat.
1610 1589 1714 1628 Part.
1747 1589 1790 1628 in
1819 1590 1948 1629 Rhett.
1981 1591 2025 1629 T.
2053 1591 2130 1630 111.

189 1670 272 1705 579.
301 1678 324 1704 a
351 1662 613 1715 scriptoribus
641 1662 880 1712 quibusdam
905 1674 1002 1700 suae
1030 1660 1175 1700 aetatis
1202 1663 1338 1700 nescio
1362 1674 1440 1713 qua
1468 1649 1676 1700 affectione
1703 1663 1927 1713 elegantiae
1946 1666 2129 1715 usurpari

188 1749 333 1785 narrat,
361 1740 496 1789 potius
523 1739 707 1775 inscitiae
734 1738 991 1775 tribuendum
1010 1745 1083 1782 est,
1112 1745 1156 1774 ut
1172 1737 1397 1787 διέδρᾱσκε
1411 1739 1455 1776 in
1472 1737 1631 1787 Sopatri
1647 1738 1781 1775 Diaer.
1799 1751 1837 1788 p.
1854 1742 1941 1776 253.
1956 1740 2000 1776 Τ.
2016 1739 2128 1777 v111.

187 1815 425 1864 μνήσκομαι
437 1812 468 1863 ¹)
496 1824 547 1850 ex
573 1811 718 1849 Anacr.
746 1811 811 1849 Fr.
835 1812 920 1859 jam
950 1812 1151 1850 sublatum
1182 1824 1268 1850 esse
1296 1812 1383 1851 dixi
1410 1812 1556 1851 Techn.
1584 1814 1645 1850 62.
1672 1812 1765 1850 adn.
1792 1810 1968 1864 γινώσκω
1997 1811 2132 1858 Hera-¹

188 1888 303 1928 clidis
348 1886 650 1926 inventiuncula
693 1891 754 1922 est
794 1885 905 1922 Eust.
941 1887 1055 1930 1722,
1089 1889 1151 1924 40.
1193 1885 1462 1936 τρώσκεσθαι
1498 1884 1789 1936 ἓκτιτραίσκειν
1817 1885 1994 1924 Galenus
2022 1888 2128 1939 unde

185 1962 376 2000 sumserit
402 1962 498 1998 mihi
527 1973 610 1998 non
639 1966 815 2004 constat3
843 1959 951 2008 apud
979 1959 1267 2009 Hippocratem
1298 1961 1425 1998 solum
1455 1959 1746 2009 ἐκτιτρώσκειν
1773 1962 1906 2010 reperi
1932 1962 1975 1999 Τ.
1991 1961 2021 1998 Ι.
2040 1964 2127 1999 323.

185 2039 274 2076 326.
302 2036 347 2074 Τ.
374 2034 426 2073 11.
443 2037 528 2072 850.
554 2035 598 2072 Τ.
615 2034 686 2071 111.
706 2036 792 2071 743.
818 2035 903 2070 745.
932 2039 972 2070 et
999 2021 1159 2083 saepius
1189 2034 1387 2083 φθείρειν
1413 2032 1460 2073 τὰ
1490 2034 1691 2083 ἔμβρυον,
1714 2034 2004 2085 διαφθείρειν,
2029 2034 2128 2074 α’πο-

184 2109 396 2162 φθείρειν.
450 2109 499 2146 In
526 2108 765 2145 contrariam
796 2114 950 2157 partem
980 2115 1193 2157 peccarunt
1219 2108 1373 2147 librarii
1401 2106 1636 2157 τιτρωσμός
1670 2108 1890 2147 scribentes
1926 2108 1969 2145 in
2004 2108 2128 2159 Hipp.

181 2185 370 2224 Muliebr.
398 2184 425 2221 I.
447 2185 534 2220 649.
563 2183 606 2220 T.
636 2182 687 2220 ΙΙ.
717 2194 786 2230 pro
815 2181 1020 2231 τρωσμός,
1050 2182 1157 2233 quod
1185 2184 1226 2220 in
1256 2183 1397 2221 eodem
1426 2183 1529 2221 libro
1556 2182 1791 2222 idemtidem
1820 2183 1966 2232 legitur
1988 2196 2025 2233 p.
2042 2186 2128 2221 680.

236 2346 238 2349 ’
286 2338 329 2386 9)
373 2317 487 2373 Latini
507 2336 603 2371 verbi
625 2336 837 2371 miniscor
857 2345 1032 2372 consonae
1054 2339 1225 2372 extremae
1246 2322 1382 2373 nou'ex
1395 2346 1522 2384 graece
1544 2337 1722 2376 derivatae
1744 2338 1807 2375 sed
1820 2338 2030 2375 domesticae
2052 2343 2132 2374 sunt

184 2397 219 2428 ut
240 2402 446 2440 gnascm,
469 2400 641 2439 gnosco.
2123 2414 2125 2417 .
