2330 2654
1114 104 1162 152 11

164 227 358 266 habiliori
392 225 577 278 χαρίεις,
621 222 732 274 cujus
768 222 903 263 simile
938 223 1181 272 adjectivum
1217 225 1261 262 in
1296 238 1371 266 ιεις
1404 225 1574 274 reperiri
1608 231 1769 273 negant.
1823 224 1989 282 Frustra
2021 240 2118 266 vero

164 315 371 354 syncopen
396 302 622 351 interponit
649 301 740 339 EM.
769 303 857 345 505,
892 303 926 336 5.
963 297 1045 337 ἀπὸ
1080 298 1153 348 τῆς
1185 298 1357 350 κέρατος
1391 301 1555 352 γενικῆς
1581 298 1794 349 κερατόεις
1820 297 1894 339 καὶ
1915 315 2030 354 wyse.
2057 318 2118 342 xa»

158 384 282 434 ρόεις.
337 385 499 423 Etenim
536 384 613 422 hoc
649 384 808 422 unicum
843 389 905 421 est
938 381 1182 430 adjectivum
1217 382 1261 419 in
1283 373 1357 425 ἷιῖ
1376 393 1400 418 a
1427 382 1593 419 nomine
1629 382 1787 431 syllaba
1808 373 1861 427 α-ς
1887 386 2116 432 terminato,

158 468 334 518 ideoque
366 469 532 507 transiit
561 467 613 506 ad
647 468 822 521 formam
857 477 996 504 eorum
1027 464 1170 516 quibus
1199 463 1452 503 substantiva
1485 466 1529 503 in
1553 456 1602 507 0—5·
1629 461 1886 515 praecedunt.
1940 466 2046 518 Ergo
2075 476 2117 506 ut

158 541 266 584 θύος
292 540 451 588 θυόεις,
480 542 602 592 κρύος
629 540 805 592 κρυόεις,
832 540 960 591 θέρος
987 538 1165 589 θερόεις,
1194 540 1250 576 sic
1278 540 1399 576 etiam
1428 538 1584 590 κερόεις
1619 541 1831 590 figuratum
1860 549 1920 580 est
1947 544 2065 592 qnasi
2094 555 2117 580 a

159 622 269 654 recto
298 615 426 667 κε’ρος,
456 617 565 665 cujus
594 616 768 666 speciem
797 608 1020 665 sequuntur
1056 613 1245 662 syntheta
1272 611 1527 663 κεροβάτης,
1554 615 1788 666 κεροφόρος
1815 623 1885 655 etc.
1912 623 1957 654 ut
1982 620 2115 669 γῆρας

157 690 432 741 γηροτρόφος.
486 690 723 728 Haesitatur
748 690 792 726 in
819 689 941 726 tertio
978 686 1089 737 παρὰ
1115 685 1192 724 τὸν
1220 686 1381 737 εὔρωτα
1411 686 1577 738 γίνεται
1609 688 1870 739 εὐρωτόεντα
1896 689 1966 729 καὶ
1993 706 2112 743 συγκ.

159 762 391 812 εὐρωέντα·
420 763 447 813 ἢ
474 761 585 813 παρὰ
614 761 660 800 τό
690 760 810 812 εὖρος
838 759 1038 811 εὐρόεντα
1066 759 1137 799 καὶ
1165 759 1331 798 ἐκτάσει
1359 758 1568 810 εὐρώεντα
1596 761 1685 799 ΕΜ.
1714 766 1803 809 398,
1835 766 1870 800 l.
1914 764 2112 815 Analogia

157 848 290 885 neutri
318 848 525 892 subvenit3
554 860 647 885 nam
673 859 724 885 ex
738 845 1072 884 numerosissima
1099 843 1258 886 familia
1285 844 1496 882 nominum
1525 845 1767 893 neutralium
1804 848 1848 884 in
1877 833 1921 890 B}
1955 848 2107 887 nullum

778 920 874 929 -u--

154 931 407 988 progignitur
434 930 675 979 adjectivum
703 930 747 967 in
776 943 881 975 ωεις,
910 929 990 967 nisi
1015 927 1123 966 forte
1150 924 1324 991 κῃτιόεις
1358 926 1559 975 ejusmodi
1596 935 1759 978 etymon
1794 929 1920 968 habet
1954 930 2002 969 ab
2027 933 2109 970 usi-

154 1011 240 1042 tato
268 1006 390 1054 κῆτος
418 1012 525 1043 cetus
554 1011 659 1043 certe
686 1003 804 1053 longe
832 1003 1053 1050 diversum3
1083 1015 1214 1053 neque
1242 993 1364 1040 etiam
1395 1015 1498 1052 quae
1527 1016 1615 1041 cum
1646 1004 1772 1055 εὕρως
1801 1005 1991 1056 componi
2018 1017 2108 1056 pos-

155 1084 250 1116 sunt
277 1077 415 1130 ἱδραίς,
443 1078 568 1130 γέλως
596 1084 666 1115 etc.
696 1078 771 1115 huc
800 1076 1052 1114 deducuntur
1078 1083 1239 1126 praeter
1266 1078 1530 1127 suspiciosum
1561 1076 1722 1128 ἓραίεις,
1758 1058 1866 1130 quod
1897 1078 2107 1117 Gramma·

153 1153 224 1190 tici
258 1154 419 1203 quidam
455 1154 601 1189 novitii
637 1153 809 1189 afferunt
843 1163 927 1188 non
961 1157 1006 1188 ut
1039 1152 1222 1188 nativum
1260 1151 1330 1188 sed
1373 1159 1417 1188 ut
1458 1153 1581 1188 ectasi
1622 1161 1778 1191 auctum
1822 1166 1875 1191 ex
1911 1154 2043 1202 ἐρόεις
2070 1167 2105 1191 v.

153 1228 299 1265 Techn.
330 1230 416 1265 181.
446 1234 485 1264 et
510 1226 613 1264 Add.
668 1227 860 1264 Attamen
888 1225 996 1275 apud
1024 1227 1276 1275 antiquiores
1305 1233 1411 1264 certe
1439 1227 1738 1276 praeponderat
1765 1230 2005 1278 significatio
2034 1242 2105 1278 pu—

151 1310 247 1348 tridi
276 1311 479 1361 foedique,
507 1311 716 1349 nominum
746 1316 879 1347 autem
908 1309 952 1346 in
981 1299 1043 1351 ff
1064 1310 1297 1351 exeuntium
1328 1315 1441 1346 tanta
1470 1316 1530 1347 est
1552 1311 1740 1360 paucitas,
1771 1318 1817 1349 ut
1844 1324 1928 1350 non
1957 1312 2101 1351 mirum

151 1386 205 1421 sit
222 1387 341 1422 unius
370 1384 487 1422 modo
516 1384 758 1432 adjectivum
784 1383 965 1433 reperiri.
1021 1381 1148 1432 Παροί
1172 1386 1241 1431 τῆς
1267 1382 1411 1431 ἠϊόνος
1439 1388 1606 1434 γενικῆς
1634 1384 1795 1436 γίνεται
1822 1384 2005 1434 ἥιονόεις
2030 1385 2102 1423 καὶ

151 1459 255 1498 κατά
285 1474 400 1512 συγκ.
428 1458 555 1508 ἦιόεις
583 1460 672 1498 ΕΜ.
699 1461 790 1504 423,
820 1460 880 1495 39.
906 1458 1037 1507 Epim.
1068 1458 1098 1495 I.
1129 1459 1191 1504 12,
1220 1460 1283 1502 21,
1321 1458 1370 1495 de
1406 1471 1483 1509 quo
1520 1471 1640 1510 quam
1671 1459 1874 1498 discordes
1902 1461 1984 1498 sint
2012 1473 2101 1498 sen-

149 1535 302 1573 tentiae
330 1547 449 1585 supra
477 1535 705 1584 expositum
735 1539 806 1571 est.
859 1529 1086 1581 Πιδήεσοια
1114 1529 1247 1570 οἱονεὶ
1275 1531 1536 1572 πιδακόεσσα
1566 1533 1670 1572 κατὰ
1702 1548 1813 1586 συγκ,
1842 1533 1915 1573 καὶ
1942 1535 2100 1585 τροπήν

147 1609 258 1647 Eust.
289 1611 376 1655 839,
406 1612 441 1646 4.
470 1620 638 1658 quorum
668 1608 878 1646 nominum
908 1613 1122 1657 utrumque
1149 1608 1193 1644 in
1221 1619 1296 1644 usu
1320 1614 1393 1653 est,
1422 1609 1493 1646 sed
1521 1610 1685 1646 alterius
1716 1611 1828 1658 origo
1856 1617 1970 1655 nota,
2001 1611 2099 1647 alte-

147 1685 230 1724 rius
259 1684 473 1734 opinabilis
502 1681 607 1732 πιδή
634 1683 660 1719 i.
690 1694 726 1732 q.
755 1680 866 1734 πηγή
892 1688 936 1718 ut
966 1682 1087 1734 αι”γλη
1119 1679 1312 1733 αἰγλήεις,
1353 1681 1464 1731 αὐδή
1492 1681 1675 1732 αὐδήεις,
1706 1682 1871 1732 τιμήεις
1894 1691 1964 1722 etc.
1991 1684 2098 1722 indi-

148 1757 319 1807 demque
348 1756 489 1795 πιδάω
517 1764 558 1794 et
584 1754 724 1794 πιδόω
753 1758 779 1793 i.
797 1768 832 1805 q.
861 1755 1033 1807 πηγάζω
1061 1756 1262 1806 v.'1'ecl1n.
1291 1768 1328 1805 p.
1348 1758 1434 1794 107.
1450 1755 1504 1808 ¹⁰).
1555 1756 1772 1802 Quomodo
1806 1760 1924 1806 igitur
1951 1770 1975 1795 a
2003 1773 2098 1809 φοι-

146 1831 216 1874 νός
244 1834 371 1871 oritur
398 1831 605 1884 φοινήεις,
648 1843 671 1869 a
700 1829 844 1882 φοίνιξ
870 1842 967 1868 vero
997 1828 1248 1880 φοινικόεις,
1291 1831 1346 1867 sic
1380 1830 1541 1871 illorum
1570 1830 1858 1879 adjectivorum
1889 1833 2011 1883 stirps
2037 1834 2098 1871 ul-

147 1909 246 1944 tima
281 1907 422 1944 eadem
458 1906 529 1944 sed
565 1907 675 1955 origo
701 1905 883 1946 discreta.
938 1904 1094 1951 Cetera,
1123 1917 1226 1955 quae
1254 1904 1520 1943 Grammatici
1543 1905 1619 1943 huc
1646 1914 1852 1952 revocant,
1894 1908 1998 1945 nulli
2025 1911 2096 1946 uni

146 1982 281 2031 generi
316 1980 459 2030 subjici
493 1988 673 2031 possunt.
729 1981 776 2018 In
811 1981 897 2018 loco
935 1986 1119 2031 suspecto
1146 1978 1228 2017 Od.
1258 1977 1305 2016 V.
1336 1981 1423 2017 337.
1464 1978 1612 2030 αἰθυίῃ
1645 1979 1777 2018 εἰκυῖα
1806 1979 1941 2030 ποτήν
1969 1980 2095 2021 adno-

250 2204 316 2256 10)
359 2207 515 2242 Eustath.
537 2208 614 2254 69³7,
636 2208 690 2242 33.
715 2206 756 2242 τὸ
785 2206 917 2243 πιδύειν
944 2211 1018 2242 κατ’
1043 2206 1231 2252 ἐναλλαγὴν
1262 2206 1415 2249 αὶολικὴν
1439 2211 1474 2241 ἐκ
1499 2209 1561 2241 τοῦ
1589 2208 1700 2248 πηδᾶν
1726 2209 1858 2253 γίνεται
1887 2208 1947 2257 ἀφ’
1971 2205 2009 2244 οὗ
2031 2210 2086 2242 καὶ

142 2261 308 2296 πιδύεσσα
329 2261 350 2302 ἡ
367 2259 545 2307 κάθυργος
562 2263 620 2294 καὶ
641 2262 802 2302 Πιδύτης.
832 2264 870 2297 Is
892 2266 950 2297 aut
970 2262 1169 2296 mendosam
1188 2263 1388 2307 scripturam
1409 2265 1575 2305 sequutus
1598 2266 1657 2296 aut
1677 2267 1798 2308 tropen
1813 2264 1973 2298 vocalium
1991 2269 2087 2297 com-

141 2318 274 2351 mentus
285 2317 368 2367 est3
395 2324 473 2348 nam
506 2312 636 2353 πιδύεις
661 2318 830 2366 repugnat
858 2315 979 2351 canoni
1015 2312 1060 2349 τὰ
1080 2308 1177 2366 ε-Ις-
1151 2328 1199 2355 εις
1220 2311 1488 2359 μετουσιαστικὰ
1510 2314 1701 2359 ἐπιδέχεται
1723 2320 1812 2361 τρεῖς
1833 2312 1997 2362 παραλήξε
2001 2326 2044 2354 ις·
2065 2312 2085 2356 ἦ

141 2366 206 2412 γὰρ
230 2370 279 2411 τῷ
300 2381 322 2409 η
345 2365 579 2413 παραλήγεται
598 2364 620 2408 ἢ
643 2368 690 2410 τῷ
714 2380 742 2407 ο,
781 2369 930 2406 σπανίως
952 2368 988 2401 δὲ
1012 2370 1061 2411 τῷ
1089 2381 1114 2401 ω
1136 2368 1214 2402 ΕΜ.
1237 2370 1291 2414 34,
1320 2370 1373 2402 34.
1415 2368 1484 2402 Pro
1506 2366 1681 2412 βαρύεσσα
1701 2369 1735 2402 in
1758 2368 1982 2403 Andromachi
2004 2379 2088 2403 v-er·

140 2421 235 2456 sibus
259 2421 378 2456 Galen.
401 2422 443 2456 Τ.
469 2420 567 2456 XIV.
592 2422 645 2457 40.
688 2421 800 2458 facilis
820 2425 874 2457 est
897 2423 1061 2458 correctio
1084 2421 1257 2468 βαρόεσσα
1278 2432 1299 2457 a
1318 2421 1455 2469 βαρόεις
1475 2425 1513 2457 ut
1534 2421 1694 2466 γλυκόεις.

1599 2483 1620 2514 2
1638 2483 1658 2504 ὓ
