2330 2654
1123 36 1157 86 7

167 172 232 205 est
263 170 424 215 praeter
457 163 655 217 ordinem.
715 159 808 211 Aua
845 158 971 202 verba
1010 159 1056 198 iu
1080 146 1154 209 ’ἶῶ
1188 158 1381 198 exeuntia
1414 157 1522 209 apud
1547 157 1773 197 Homerum
1802 170 1887 198 non
1919 134 2114 212 leguntur·

169 238 251 279 Sed
285 237 337 278 de
362 236 569 291 participii
602 234 716 273 iilius
745 232 943 284 scriptura
974 227 1178 285 utcunque
1210 238 1430 279 statuetur,
1459 231 1511 273 de
1537 238 1721 284 tempore
1745 239 1852 272 certe
1875 233 2113 282 jamdudum

169 314 361 352 convenit
386 316 432 349 et
452 310 607 361 pariter
630 309 773 347 ceteris
800 306 934 345 modis
959 306 1033 348 iun
1056 306 1159 344 arsis
1185 308 1340 357 species
1367 318 1477 345 nunc
1502 307 1682 346 detracta
1709 314 1770 345 est
1789 315 1951 358 praeter
1964 309 2010 346 ΙΙ.
2024 310 2116 349 ΧΠ.

171 390 258 427 147.
287 384 462 426 σύεσσιν
488 382 646 423 ἐοικότε
670 380 733 422 ταί
757 379 788 420 τ’
815 378 990 432 ἀνδρῶν
1018 377 1199 430 δέχαται
1223 380 1500 440 κολοσυρτόν)
1539 393 1770 432 quanquam
1803 381 1846 421 id
1880 395 2045 434 qnoque
2074 385 2119 423 in

171 467 375 502 certamen
400 439 586 498 vocatum
616 469 705 496 esse
731 455 910 495 ostendit
935 453 1178 506 subscriptio
1192 452 1327 498 οὕτως
1352 455 1401 493 ἐν
1428 454 1623 502 ἁπάσαις,
1650 455 1759 494 unde
1785 458 1966 506 suspicor
1990 458 2120 496 fuine

171 535 241 586 qui
275 533 436 572 dualem
470 532 634 583 δέχθον
666 530 711 569 id
743 536 805 568 est
835 529 1049 579 δέχεσθον
1074 528 1367 567 substituerent
1392 535 1438 567 ut
1463 528 1623 579 δέχθαι
1649 542 1702 569 ex
1726 531 1883 581 integro
1910 530 2120 581 δέχεσθαι

170 609 321 647 factum
363 607 511 646 dicunt.
569 606 684 645 Haec
714 605 898 655 pluribus
932 603 1128 642 edisserui
1162 603 1215 641 ad
1250 604 1400 642 Buttm.
1443 617 1483 654 p.
1519 606 1579 642 17.
1615 612 1656 642 et
1688 607 1751 643 21.
1811 605 2040 655 Μνήμενος
2073 608 2119 644 in

169 695 292 722 versu
317 681 446 733 ignoti
471 685 617 731 poetae
639 677 761 719 Arist.
787 677 903 718 Rhet.
937 676 969 717 1.
998 678 1059 718 11.
1092 688 1131 729 p.
1164 679 1278 717 1370.
1303 676 1342 716 b.
1371 680 1407 715 5.
1434 676 1543 728 μετὰ
1570 675 1652 732 γάρ
1683 691 1729 717 τε
1754 676 1825 718 καὶ
1852 679 1996 733 ἄλγεσι
2027 679 2119 732 τέρ·

161 771 296 799 ,πεται
320 755 427 807 ἀνήρ
453 752 667 805 μνήμενος
698 751 813 795 ὅστις
847 750 976 791 πολλοὶ
1011 749 1131 801 πείθῃ
1169 749 1240 790 καὶ
1267 751 1397 790 πολλοὶ
1426 752 1552 806 ἐόργῃ
1588 754 1919 803 significationem
1946 755 2117 805 perfecti

170 830 437 883 μεμνημένος
461 828 584 867 habet
609 826 682 866 sed
708 833 872 865 accentu
899 827 1083 877 congruit
1104 837 1193 865 cum
1221 827 1374 865 aoristo
1396 825 1623 878 βλήμενος.
1678 827 1879 867 Germana
1905 840 2000 867 vero
2025 841 2117 880 per.

171 907 278 945 fecta
303 899 620 955 reduplicatione
648 902 841 940 destituta
864 901 1030 940 exhibet
1055 900 1284 951 Hesychius
1317 901 1485 942 Θνᾶναι
1521 901 1762 941 ἀποθανεῖν
1798 902 1991 941 mendose
2023 906 2118 942 scri-

170 984 286 1031 ptum
311 990 386 1029 pro
412 976 633 1024 resarcirent,
656 973 988 1025 Ἐκταρβημένος
1013 974 1304 1025 ἐπτοιημένος,
1327 974 1640 1026 Ἐμπλησμένος
1666 976 1967 1027 πεπλησμένος,
2009 980 2117 1025 Στη·

174 1051 371 1104 ριγμένος
396 1042 636 1102 ἱστάμενος,
677 1048 1260 1099 Φλασμένοςτετυφωμένος,
1303 1058 1345 1087 et
1376 1051 1555 1088 futurum
1584 1051 1749 1088 tertium
1775 1050 2001 1101 Μάρσεται
2027 1050 2119 1100 κτή-

176 1139 296 1164 σεται
332 1126 393 1164 cui
418 1126 579 1163 Jensius
601 1122 820 1174 μάρψεται
847 1122 1056 1160 substituit
1082 1130 1222 1162 contra
1250 1124 1455 1171 ordinem3
1492 1125 1572 1162 alia
1599 1123 1745 1161 Suidas
1773 1122 2119 1175 Ἐμφαλκωμένος

176 1198 567 1253 περιπεπλεγμένος,
608 1198 697 1237 ΕΜ.
730 1198 821 1243 458,
855 1197 919 1234 40.
978 1190 1205 1246 θυμμένον
1228 1195 1278 1238 τὰ
1304 1196 1388 1237 ὖπὸ
1416 1195 1546 1248 πυρᾶς
1571 1183 1837 1248 βεβλημένον
1862 1195 1905 1250 ⁸),
1948 1209 2116 1249 quorum

174 1274 371 1311 nonnulla
394 1274 566 1312 fortasse
593 1271 820 1311 alibi-ariis
847 1270 1034 1307 mutilata
1068 1277 1163 1309 sunt
1199 1271 1251 1309 ad
1277 1271 1353 1309 hoc
1380 1273 1523 1310 vitium
1553 1272 1798 1322 proclivibus
1824 1279 1868 1309 nt
1894 1273 2116 1322 κατέτηκτο

175 1349 292 1388 Paus.
320 1339 386 1386 IV.
415 1350 452 1394 3,
479 1350 516 1389 3.
545 1347 653 1397 quod
679 1358 787 1384 nunc
814 1350 1033 1383 correctum
1062 1352 1143 1395 cst,
1178 1346 1383 1396 συνέχυτο
1413 1348 1493 1385 Dio
1521 1346 1633 1385 Cass.
1660 1347 1844 1387 XXXIX.
1872 1349 1948 1394 54,
1975 1347 2116 1398 quibus

174 1422 383 1474 aliquanto
418 1420 669 1460 tolerabilius
703 1426 765 1459 est
797 1418 1057 1458 κατέκλειστο
1091 1419 1278 1472 Xenoph.
1314 1421 1416 1472 Eph.
1449 1421 1502 1459 Π.
1532 1423 1570 1468 9,
1603 1418 1640 1459 1.
1683 1420 1925 1472 sraecisqne
1952 1421 2117 1459 novitiis

174 1496 455 1533 condonantur
477 1495 779 1544 βαπτισμένος,
806 1492 1097 1542 κατακαυμένη
1125 1507 1162 1531 v.
1190 1496 1325 1532 Reisk.
1353 1496 1405 1532 ad
1421 1495 1631 1533 Constant.
1660 1496 1803 1544 Porpb.
1827 1509 1866 1545 p.
1898 1498 1983 1532 104.
2012 1498 2115 1543 (332.

175 1569 238 1607 ed.
273 1570 400 1619 Lips.)
438 1567 717 1619 προτινάχθω
751 1566 887 1605 Medd.
921 1566 1078 1617 Mosqq.
1112 1575 1151 1618 1).
1187 1570 1275 1606 151.
1310 1581 1384 1615 nec
1418 1570 1633 1608 offensioni
1659 1576 1721 1606 est
1747 1553 2116 1617 δενδροκοπημένη

173 1644 296 1683 Diod.
322 1644 415 1683 XII.
442 1644 505 1681 45.
534 1649 574 1680 et
599 1642 788 1679 similiter
814 1642 1046 1691 composita.
1101 1641 1181 1680 Sed
1210 1643 1428 1693 plurimum
1465 1643 1748 1684 admirationis
1786 1643 1908 1681 babet
1939 1641 2117 1693 γέγωνα,

175 1718 284 1770 quod
311 1730 394 1757 non
422 1717 551 1756 solum
579 1715 687 1767 apud
713 1714 938 1754 Homerum
966 1714 1037 1753 sed
1065 1715 1187 1753 etiam
1214 1716 1259 1753 in
1282 1716 1523 1765 tragicorum
1549 1717 1699 1756 fabulis
1724 1723 1765 1754 et
1790 1717 1832 1754 in
1858 1716 1989 1754 soluta
2015 1716 2118 1755 adeo

175 1793 359 1833 oratione
384 1792 461 1829 hoc
487 1802 568 1828 uno
596 1788 717 1827 modo
745 1788 934 1840 scriptum
961 1790 1179 1835 invenitur,
1204 1795 1395 1839 praesens
1422 1799 1557 1830 autem
1592 1793 1684 1830 huic
1716 1792 1959 1829 conveniens
1992 1792 2118 1843 γαίνω

172 1866 470 1916 ignotissimum
501 1870 573 1902 est.
630 1862 743 1902 Χύτο
770 1865 814 1901 in
840 1862 971 1902 Noun.
998 1863 1169 1902 XXXII.
1185 1866 1245 1902 30.
1274 1865 1416 1903 aoristi
1442 1867 1608 1917 figuram
1638 1866 1708 1904 sed
1736 1865 2121 1917 plusquamperfecti

175 1940 509 1990 significationem
542 1938 684 1985 habet3
724 1937 957 1988 συνέραπτο
993 1937 1165 1985 Quintus
1198 1941 1409 1991 usurpavit
1444 1941 1514 1980 IX.
1549 1943 1637 1979 359.
1673 1941 1797 1979 altero
1832 1939 1907 1979 rho
1944 1949 2122 1990 praeter-

174 2015 312 2052 misso.
366 2013 445 2052 Pro
472 2010 723 2061 κατένασθε,
750 2012 860 2062 quod
884 2012 1081 2050 Matthiae
1108 2012 1286 2051 Gramm.
1314 2014 1347 2051 Ι.
1363 2016 1451 2052 619.
1480 2026 1531 2052 ex
1557 2014 1830 2065 Aristophane
1857 2015 1985 2060 affert,
2014 2027 2119 2052 nunc

177 2088 441 2128 κατένασθεν
467 2086 664 2133 scribitur,
691 2098 766 2137 pro
793 2085 1086 2138 Περιεκαίκυτο
1102 2089 1341 2138 περιηχεῖτο
1369 2087 1467 2126 Hes.
1482 2088 1716 2139 ponendum
1733 2096 1793 2127 est
1805 2087 2115 2138 περιεκωκύετο,

283 2280 340 2356 ε)’
370 2306 579 2355 syn-rgias
604 2305 787 2353 θύμμενον
815 2304 893 2355 [sic
918 2308 1011 2343 enfin
1035 2308 1213 2356 vuigm
1242 2306 1318 2357 est)
1345 2318 1419 2344 cn
1446 2308 1615 2353 βιήμευος
1641 2309 1790 2357 oensem
1825 2318 1889 2353 pm
1911 2307 2120 2352 stem-„mov

176 2360 238 2396 ille
258 2361 408 2397 fortasse
426 2361 662 2406 βεβλαμμένον
681 2361 831 2408 scripsit.
